@inproceedings{boeker2022empirical,
  title={An empirical investigation of personalization factors on TikTok},
  author={Boeker, Maximilian and Urman, Aleksandra},
  booktitle={Proceedings of the ACM web conference 2022},
  pages={2298--2309},
  year={2022}
}

@article{montag2021psychology,
  title={On the psychology of TikTok use: A first glimpse from empirical findings},
  author={Montag, Christian and Yang, Haibo and Elhai, Jon D},
  journal={Frontiers in public health},
  volume={9},
  pages={641673},
  year={2021},
  publisher={Frontiers}
}

@misc{Howarth_2024, title={Tiktok user age, gender, & demographics (2024)}, url={https://explodingtopics.com/blog/tiktok-demographics},
journal={Exploding Topics},
publisher={Exploding Topics}, 
author={Howarth, Josh},
year={2024}, 
month={Jan}
}
